<record><leader>00000cas a22000007a 4500</leader><controlfield tag="001">12920640</controlfield><controlfield tag="008">851216d19151917wvudr ne      0    0eng d</controlfield><datafield ind1=" " ind2=" " tag="010"><subfield code="a">sn 85059826 </subfield></datafield><datafield ind1=" " ind2=" " tag="040"><subfield code="a">WVC</subfield><subfield code="b">eng</subfield><subfield code="c">WVC</subfield><subfield code="d">OCL</subfield><subfield code="d">OCLCQ</subfield></datafield><datafield ind1="0" ind2="4" tag="245"><subfield code="a">The Charleston post.</subfield></datafield><datafield ind1=" " ind2=" " tag="260"><subfield code="a">Charleston, W. Va. :</subfield><subfield code="b">Post Co.</subfield></datafield><datafield ind1=" " ind2=" " tag="300"><subfield code="a">v.</subfield></datafield><datafield ind1=" " ind2=" " tag="310"><subfield code="a">Daily (except Sat. and Sun.)</subfield></datafield><datafield ind1="1" ind2=" " tag="362"><subfield code="a">Began with Feb. 23, 1915 issue.</subfield></datafield><datafield ind1=" " ind2=" " tag="500"><subfield code="a">"Republican."</subfield></datafield><datafield ind1=" " ind2=" " tag="588"><subfield code="a">Description based on: Vol. 1, no. 197 (Oct. 26, 1915).</subfield></datafield><datafield ind1=" " ind2=" " tag="752"><subfield code="a">United States</subfield><subfield code="b">West Virginia</subfield><subfield code="c">Kanawha</subfield><subfield code="d">Charleston.</subfield></datafield></record>